<?xml version="1.0" encoding="UTF-8"?><collection xmlns="http://www.loc.gov/MARC21/slim"><record><leader>00336nam--2200133-i-4500</leader><controlfield tag="001">000040888</controlfield><controlfield tag="002">20161230</controlfield><controlfield tag="005">20161230201042</controlfield><controlfield tag="008">060222s1000------------r-----000-0-eng-d</controlfield><datafield ind1=" " ind2=" " tag="245"><subfield code="a">Science in action</subfield></datafield><datafield ind1=" " ind2=" " tag="260"><subfield code="a">New York, California Acad.Of Sciences, 1956. Ix + 157 P</subfield></datafield><datafield ind1=" " ind2=" " tag="490"><subfield code="a">Tv Library</subfield></datafield><datafield ind1=" " ind2=" " tag="700"><subfield code="a">Draper Benjamin</subfield></datafield><datafield ind1=" " ind2=" " tag="852"><subfield code="a">12147</subfield></datafield></record></collection>